4336 6060
1726 456 1766 519 57

249 650 283 720 α)
308 643 380 706 Une
403 656 453 705 est
476 641 575 718 notio,
600 664 662 727 qus
685 640 869 726 praepositio
895 639 934 703 sd
959 660 1012 702 eas
1035 660 1146 702 causas
1170 638 1397 724 exprimendas
1422 654 1603 726 usurpatur,
1628 665 1697 728 quae
1720 664 1762 706 ex
1778 644 1811 707 vi

121 782 216 852 etque
239 779 352 828 notura
376 762 473 825 enimi
496 776 674 826 sumuntur.

251 888 312 950 Ex.
361 888 419 948 Ac.
435 884 572 968 primum
597 884 726 969 quidem
749 881 820 948 διτό
842 884 887 945 its
910 881 950 945 de
974 882 1086 946 laetitis
1109 881 1207 944 animi
1230 882 1348 945 dicitur
1372 887 1434 969 Ag.
1453 885 1510 948 541
1531 876 1607 946 ὥστ’
1621 885 1811 970 ἐνδακρύειν

121 1003 150 1086 γ’
173 1006 319 1087 ὄμμασιν
338 1007 439 1091 χαρᾶς
461 997 537 1068 rino.
561 1003 639 1067 ibid.
663 1006 723 1070 587
747 999 937 1081 ἀνωλόλυξα
957 1002 1022 1082 μὲν
1041 984 1144 1066 πάλαι
1167 1004 1268 1086 χαρᾶς
1291 995 1368 1072 rinc.
1414 1002 1539 1067 Deinde
1558 1001 1628 1068 ὑπό
1643 1005 1683 1068 de
1700 1005 1811 1069 dolore

123 1129 220 1190 animi
256 1142 427 1211 usurpetur
462 1125 549 1188 Pers.
585 1125 647 1190 835
681 1120 741 1188 ὑπ’
763 1122 881 1205 ἄλγους
902 1124 1031 1195 λακίδες
1052 1118 1142 1206 ἀμφὶ
1165 1123 1290 1203 σώματι
1313 1125 1587 1210 στημορραγοῦσι.
1631 1124 1724 1190 Eum.
1751 1127 1812 1190 183

121 1247 166 1332 μὴ
192 1285 231 1292 -
256 1242 335 1332 α’νῇς
362 1240 422 1310 ὑπ’
450 1241 566 1325 ἄλγους
593 1243 705 1324 μέλαν’
727 1240 787 1308 a’n'
806 1240 996 1329 α’νθριόπων
1019 1238 1137 1327 ἀφρόν.
1185 1243 1233 1305 De
1257 1242 1368 1307 doloro
1392 1245 1534 1330 corporis
1560 1261 1667 1308 sutem
1694 1244 1812 1309 dicitur

121 1367 207 1430 Pers.
234 1372 297 1432 484
321 1361 380 1429 ὑπ’
402 1363 573 1445 άσδματος
595 1366 694 1428 κενοί.
739 1362 822 1428 Tum
846 1365 887 1427 de
911 1362 1028 1427 fiducie
1052 1363 1149 1426 animi
1173 1378 1346 1448 usurpatur
1369 1363 1456 1427 Pers.
1479 1365 1541 1428 372
1565 1359 1695 1428 τοσαῦτ’
1722 1365 1809 1441 ἔλεξε

120 1482 220 1569 κάρθ’
253 1484 312 1551 ὑπ’
346 1483 500 1567 εόδόμου
531 1485 660 1570 φρενός.
706 1485 805 1549 Porro
839 1483 909 1550 ὑπό
937 1486 976 1548 de
1005 1485 1134 1570 ignavis
1162 1484 1281 1547 dicitur
1310 1484 1396 1548 Pers.
1422 1485 1483 1549 755
1506 1484 1564 1547 τὸν
1586 1480 1616 1547 δ’
1638 1481 1812 1570 ἀνανδρίας

121 1600 191 1670 rinc
224 1608 319 1672 ἔνδον
352 1607 530 1689 αἰχμάζειν.
578 1607 724 1692 Denique
759 1606 799 1668 de
833 1605 1060 1670 benevolentia
1087 1622 1260 1692 usurpatur
1284 1604 1427 1691 Choeph.
1452 1606 1513 1670 857
1537 1603 1606 1669 ὑπὸ
1630 1602 1659 1670 δ’
1681 1603 1811 1679 εόνοίας

123 1729 193 1801 πῶς
215 1728 289 1793 ἴσον
312 1725 444 1793 εἰποῦό
466 1724 645 1808 ἀνύσωμαι.
691 1728 858 1791 Postremo
881 1727 1066 1813 praepositio
1089 1729 1134 1791 its
1156 1728 1196 1791 de
1220 1727 1402 1813 ignorantia
1426 1742 1597 1813 usurpetur
1619 1727 1731 1814 Suppl.
1748 1729 1811 1794 499

122 1847 176 1911 καὶ
199 1849 240 1936 δὴ
265 1851 364 1933 φίλον
385 1872 434 1922 τις
456 1845 563 1913 ἔκταν’
585 1844 716 1928 όγνοίας
737 1840 814 1912 tino.

251 1974 282 2052 β)
318 1970 393 2033 Alis
426 1992 504 2033 vero
540 1983 589 2031 est
623 1967 827 2053 significatio,
850 1991 913 2054 qus
934 1969 1119 2054 praepositio
1143 1968 1182 2030 sd
1207 1989 1259 2031 ees
1284 1990 1394 2031 causes
1418 1969 1604 2033 indicendus
1628 1986 1811 2054 usurpetur,

122 2111 192 2173 quse
217 2091 434 2153 exstrinsecus
458 2104 628 2174 assumptae
652 2102 744 2152 extra
768 2111 826 2151 nos
848 2089 962 2174 positae
985 2104 1068 2152 sunt.

252 2211 312 2274 Ex.
359 2211 502 2274 Primum
537 2209 666 2296 quidem
701 2206 771 2273 ὑπό
804 2211 848 2272 its
881 2209 921 2272 de
955 2232 1061 2272 rerum
1092 2210 1284 2274 necessitate
1314 2208 1432 2273 dicitnr
1461 2208 1550 2295 Sept,
1579 2212 1641 2276 286
1666 2210 1746 2297 πρὶν
1769 2250 1808 2260 -

121 2329 350 2415 ταχυρρόθους
371 2331 488 2411 λόγους
512 2333 646 2395 ἱκέσθαι
669 2325 723 2392 καὶ
747 2326 880 2412 φλέγειν
901 2331 1012 2411 χρείας
1033 2322 1110 2393 sinc.
1144 2330 1257 2416 Suppl.
1285 2330 1364 2395 1032
1388 2325 1466 2417 μηδ’
1481 2326 1541 2394 ὑπ’
1555 2327 1696 2411 α’νάγκας
1711 2330 1813 2411 γάμος

122 2448 220 2512 ἔλθοι
254 2454 442 2535 Κυδέρειος.
489 2450 615 2514 Deinde
643 2447 713 2514 ὑπό
736 2448 776 2511 de
800 2450 914 2512 nuntio
938 2450 1035 2511 sllsto
1058 2466 1229 2533 usurpatur
1253 2448 1396 2535 Chocph.
1423 2453 1483 2513 741
1507 2448 1812 2531 concescessione

124 2571 299 2650 παγκάκως
329 2572 397 2651 ἔχει
421 2571 535 2659 φήμης
556 2567 617 2655 ὑφ’
643 2556 682 2657 ἧς
704 2567 856 2657 ἤγγειλαν
880 2571 915 2633 οἱ
935 2573 1030 2646 ξένοι.
1077 2574 1140 2654 Ag.
1164 2572 1227 2633 475
1250 2570 1356 2654 πνρδς
1378 2567 1407 2635 δ’
1430 2568 1490 2635 ὑπ’
1512 2567 1690 2652 εόαγγέλου
1711 2571 1812 2635 πόλιν

122 2690 229 2776 διήκει
251 2690 318 2754 {iod
342 2691 442 2775 βάξις.
511 2677 516 2687 ’

251 2810 285 2889 d)
312 2811 388 2874 Alia
414 2827 520 2874 cutem
545 2828 594 2875 est
617 2812 754 2885 trslntio,
777 2832 840 2896 qus
862 2809 1047 2894 praepositio
1069 2809 1200 2887 indicat,
1224 2811 1339 2895 quibus
1363 2811 1590 2875 comitantibus
1614 2812 1728 2897 uliquis
1756 2812 1812 2875 sli-

124 2929 201 3013 quid
227 2930 332 2991 fscint.

253 3050 314 3112 Ex.
360 3055 411 3114 Ac
446 3051 584 3136 primum
619 3052 748 3137 quidem
783 3050 853 3117 ὑπό
886 3051 930 3114 its
965 3049 1005 3113 de
1033 3049 1217 3115 hominibus
1241 3051 1359 3115 dicitur
1382 3053 1494 3139 Suppl.
1520 3054 1581 3119 238
1605 3004 1714 3136 χάρόιν
1737 3048 1813 3117 ον’δὲ

123 3170 274 3256 κηρίκων
302 3164 369 3235 ὕπο
397 3167 577 3258 ἀπρόξενοί
596 3195 631 3237 τε
655 3211 696 3222 -
718 3170 832 3254 μολεῖν
853 3171 978 3258 ἔτλητε,
1001 3171 1056 3234 ubi
1079 3171 1230 3258 κηρόκωυ
1251 3165 1319 3236 rino
1342 3174 1591 3259 interpretemur
1608 3174 1813 3256 preconibus

123 3295 353 3358 concitantibus.
399 3293 524 3357 Deinde
553 3291 624 3358 ὑπό
652 3293 692 3356 de
715 3294 809 3360 rebus
832 3291 950 3356 dicitur
971 3291 1065 3355 Eum.
1093 3293 1175 3356 1006
1199 3295 1350 3377 σφαγίων
1371 3290 1466 3359 τῶνδ’
1488 3291 1556 3358 ὑπὸ
1580 3296 1708 3375 σεμνῶν
1730 3295 1811 3358 κατὰ

123 3415 180 3499 γῆς
215 3413 363 3497 σίμεναι,
397 3415 482 3500 quod
516 3415 619 3479 Franz
647 3416 878 3500 interpretetur
905 3413 994 3495 νμιλί
1015 3419 1108 3477 unter
1130 3414 1197 3479 dent
1224 3414 1414 3498 Siihncpfer,
1439 3416 1499 3480 das
1521 3416 1597 3481 euch
1619 3416 1753 3498 dunensi,
1777 3417 1813 3481 in

122 3534 172 3596 die
197 3534 436 3599 Erdsenlueiiin.
482 3533 564 3596 Tum
590 3533 774 3618 praepositio
796 3532 842 3596 its
865 3531 905 3595 de
929 3531 1130 3595 substantivo
1155 3533 1315 3597 abstracto
1339 3550 1513 3622 usurpatur
1536 3540 1597 3622 Ag.
1617 3538 1701 3601 1554
1717 3557 1813 3599 κατα-

122 3653 285 3739 θάψομεν
309 3648 369 3732 οόχ
391 3650 460 3716 ὑπὸ
483 3653 664 3734 κλαυθμῶν
685 3654 750 3717 τῶν
771 3652 807 3728 ἐξ
829 3650 938 3717 οἴκων.
