4336 6060
1850 486 1886 550 15

369 688 400 760 χ)
425 678 498 743 Alia
521 702 599 741 vero
623 692 671 741 est
692 678 791 753 notio,
815 701 877 762 que
902 677 1085 762 praepositio
1108 676 1366 740 convenientiam
1390 673 1474 739 inter
1489 676 1643 760 quasdam
1661 701 1710 740 res
1728 678 1929 740 intercedere

236 802 408 888 significat,
441 821 540 885 quum
575 800 636 863 σύν
669 799 852 884 germanice
883 801 927 863 ι’·υι
950 799 1115 881 Είιιλέοιιμ
1137 800 1204 877 mit,
1224 803 1353 880 μινιιιίὐο
1376 799 1626 883 interpretamur
1650 814 1685 861 ut
1709 799 1821 885 Suppl.
1849 801 1929 863 1072

240 923 296 988 καὶ
328 923 403 1007 δὶκρ
434 924 527 994 δίκας
560 922 705 986 ἔπεσθαι
739 920 797 995 ξύν
825 918 937 999 εύχαῖς
966 920 1068 1000 ἐμαῖς,
1092 921 1148 983 ubi
1173 921 1272 1003 Palcy
1296 919 1354 995 ξύν
1375 914 1488 1000 εύχαῖς
1509 920 1602 1000 ἐμαῖς
1624 921 1856 1005 interpretatur
1879 924 1932 986 υιίι

240 1043 429 1128 conformity
456 1043 534 1106 τοτ’ῖλι
560 1063 611 1125 my
627 1064 778 1123 prayer».
824 1041 968 1104 Eandem
993 1038 1261 1124 significationem
1287 1041 1472 1126 praepositio
1494 1040 1612 1104 habere
1636 1041 1765 1104 videtur
1788 1039 1930 1126 Choeph.

242 1167 323 1231 1012
357 1161 463 1245 ῳόνον
496 1160 532 1225 δὲ
566 1160 658 1247 κηκὶς
686 1161 744 1237 ξύν
766 1161 872 1245 χρόνῳ
897 1158 1126 1243 ξυμβάλλεται,
1149 1159 1205 1222 ubi
1229 1158 1359 1223 Orestes
1383 1162 1423 1224 de
1450 1161 1573 1225 macula
1599 1161 1689 1238 dicit,
1713 1184 1806 1247 quam
1832 1160 1931 1245 pallio

242 1284 496 1369 Agamemnonis
531 1282 669 1368 aspersit
701 1281 828 1365 gladius
865 1280 1030 1367 Aegisthi;
1061 1280 1119 1356 ξύν
1142 1278 1249 1362 χρόνῳ
1272 1281 1488 1363 ξυμβάλλεται
1513 1281 1678 1345 Wellauer
1703 1284 1932 1367 interpretatur

240 1426 325 1469 »casm
348 1410 487 1487 tempore
508 1405 680 1485 οοομναίίν,
704 1425 798 1488 quam
823 1401 1124 1487 interpretationem
1149 1400 1245 1463 etiarn
1273 1399 1358 1462 Weil
1383 1401 1621 1487 approbandam
1647 1424 1717 1465 esse
1741 1416 1861 1466 censet.

371 1524 403 1607 f)
432 1523 518 1586 Hinc
547 1523 695 1607 proxime
720 1522 831 1586 abesse
853 1521 1004 1584 videntur
1025 1519 1171 1605 quaedam
1194 1506 1373 1607 locutiones
1397 1521 1608 1586 adverbiales.
1654 1523 1744 1587 Inter
1766 1546 1845 1608 quas
1869 1537 1933 1586 tres

241 1648 380 1710 diversae
403 1644 544 1708 rationes
568 1657 705 1729 possunt
727 1643 876 1706 discerni.

375 1775 409 1842 α)
431 1762 505 1827 Una
527 1778 577 1827 est
600 1766 691 1847 ratio,
717 1787 814 1850 quum
840 1762 1023 1849 praepositio
1047 1784 1119 1825 cum
1144 1762 1344 1827 substantivo
1369 1763 1541 1845 conjuncta
1565 1786 1582 1825 e
1606 1763 1705 1826 verbo
1728 1764 1865 1849 quodam
1889 1764 1933 1826 ita

241 1886 376 1973 pendet,
410 1896 445 1947 ut
479 1905 522 1947 ex
555 1883 604 1947 his
639 1884 741 1948 tribus
770 1882 937 1947 vocabulis
967 1883 1129 1945 sententia
1152 1882 1319 1963 efficiatur,
1343 1904 1412 1966 quae
1436 1897 1647 1947 unctantem
1672 1884 1771 1948 verbo
1794 1885 1932 1970 exprimi

244 2017 380 2091 poterat,
410 2021 444 2067 ut
469 2004 582 2091 Suppl.
609 2006 679 2083 120,
707 2007 763 2069 131
790 2004 932 2068 πολλάκι
954 1998 984 2067 δ’
1006 2002 1151 2081 ἐμπίτνω
1175 2000 1234 2078 ξύν
1256 2002 1365 2066 λακίδι
1387 2003 1528 2068 λίνοισιν
1551 2000 1573 2092 ἢ
1593 2008 1730 2093 Σιδονίᾳ
1752 2003 1933 2089 καλύπτρᾳ,

247 2126 302 2191 ubi
336 2125 454 2189 Schi'rtz
489 2138 576 2188 reete
611 2124 744 2188 adnotat
765 2124 935 2205 ἐμπίτνειν
956 2123 1014 2200 ξύν
1036 2122 1144 2187 λακίδι
1167 2121 1247 2184 nihil
1274 2123 1361 2186 aliud
1386 2147 1456 2187 esse
1480 2149 1574 2210 quam
1599 2128 1793 2213 discerpere,
1817 2127 1934 2190 dilace-

245 2271 326 2323 rare,
350 2249 506 2331 impetum
530 2244 563 2307 in
587 2260 695 2308 vestes
719 2246 825 2308 facere
849 2244 1029 2308 lacerando.

373 2372 407 2451 β)
431 2367 506 2431 Alia
528 2380 634 2430 autem
659 2380 709 2429 est
731 2367 823 2445 rati0,
847 2389 943 2451 quum
969 2365 1154 2451 praepositio
1178 2387 1250 2427 cum
1275 2364 1476 2429 substantivo
1499 2366 1543 2429 ita
1568 2367 1786 2450 conjungitur,
1810 2381 1843 2430 ut
1868 2368 1934 2430 hare

245 2488 310 2552 duo
332 2487 490 2551 voeabula
512 2489 656 2553 adverbii
679 2488 749 2550 loco
774 2486 847 2550 sint.
924 2558 927 2563 ‚

375 2606 436 2671 Ex.
478 2612 543 2693 Ag.
574 2608 655 2671 1567
681 2606 713 2678 ἐς
734 2601 822 2669 τόνδ’
844 2605 956 2692 ἐνέβης
978 2603 1036 2680 ξύν
1058 2598 1201 2691 άληθείρ
1223 2604 1384 2692 χρησμόν,
1407 2604 1461 2669 ubi
1485 2607 1542 2682 ξύν
1565 2604 1710 2694 άληθείῳ
1732 2632 1822 2694 paene
1849 2609 1933 2671 idem

243 2749 316 2791 esse
339 2727 470 2792 videtur
493 2727 580 2813 quod
602 2723 746 2813 άληθῶς.
793 2726 927 2789 Duobus
951 2726 1031 2788 locis
1054 2725 1116 2789 σύν
1138 2725 1245 2809 χρόνῳ
1269 2726 1389 2809 legitur
1413 2730 1475 2811 Ag.
1502 2729 1584 2792 1378
1608 2728 1670 2793 σδν
1684 2730 1791 2814 χρόνῳ
1808 2752 1843 2811 χε
1856 2729 1934 2817 μην,

243 2849 340 2912 Eum.
374 2850 436 2914 555
470 2846 585 2930 βιαίως
611 2844 669 2921 ξύν
691 2846 798 2929 χρόνοι
822 2846 996 2933 καθήσειν,
1019 2848 1162 2932 itemque
1185 2845 1248 2910 σύν
1269 2847 1343 2933 δίκη
1367 2845 1415 2909 bis
1439 2847 1557 2927 legitur
1582 2847 1670 2933 Sept.
1694 2852 1757 2914 444
1779 2854 1934 2915 πέποιθα

246 2963 276 3031 δ’
308 2962 395 3053 αύτῷ
429 2967 487 3045 ξύν
519 2968 593 3054 δίκη
621 2970 679 3030 τόν
701 2965 878 3053 πυρφόρον
899 2959 989 3053 ἥξειν
1011 2965 1179 3049 κεραυνόν,
1202 2966 1297 3030 Eum.
1323 2967 1385 3029 610
1407 2964 1439 3030 εἴ
1460 2985 1527 3050 σφε
1550 2968 1612 3032 σδν
1633 2968 1707 3058 δὶκῳ
1731 2975 1932 3035 κατέκτανον.

250 3086 324 3150 Huc
357 3087 526 3153 referenda
560 3110 629 3151 esse
653 3087 804 3150 videntur
827 3087 925 3150 etiam
948 3086 1016 3150 haec
1040 3089 1191 3173 exempla
1213 3086 1358 3173 Choeph.
1385 3090 1445 3153 138
1469 3088 1582 3153 ἐλθεῖν
1604 3085 1633 3152 δ’
1656 3086 1816 3178 Ὀρέστην
1838 3093 1935 3176 δεῦρο

247 3204 312 3269 σύν
333 3204 414 3294 τάχη
437 3204 501 3271 τινὶ
524 3207 734 3291 κατεύχομαι,
758 3207 846 3292 Sept.
871 3210 935 3271 472
958 3205 1020 3270 σύν
1041 3206 1124 3294 τύχη
1146 3207 1183 3270 δέ
1203 3230 1258 3291 τῳ.

377 3337 408 3408 χ)
442 3327 518 3391 Alia
552 3350 629 3390 vero
664 3344 713 3392 est
734 3329 827 3406 ratio,
856 3350 953 3413 quum
990 3327 1174 3412 praepositio
1207 3327 1276 3390 sine
1300 3349 1374 3391 casu
1398 3328 1484 3391 dicta
1506 3330 1650 3394 adverbii
1672 3329 1772 3393 instar
1794 3333 1933 3417 ponitur.

246 3449 319 3527 Quo
343 3471 403 3512 usu
428 3449 585 3535 particula
607 3449 643 3511 δέ
665 3449 718 3511 vel
740 3470 775 3511 τε
798 3448 873 3511 addi
899 3447 992 3521 solet,
1016 3461 1053 3508 ut
1075 3450 1138 3531 Ag.
1162 3447 1225 3512 656
1249 3448 1528 3531 κεροτυπούμεναι
1543 3451 1600 3536 βίῳ
1614 3454 1749 3532 χειμάινι
1764 3453 1859 3533 τυῳῶ
1874 3451 1935 3514 σίιν

246 3568 325 3655 ζόλη
348 3564 377 3631 τ’
401 3564 633 3654 ὀμβροκτύπῳ,
657 3568 734 3632 ibid.
762 3570 825 3633 586
848 3567 909 3631 σδν
930 3566 966 3630 δὲ
988 3565 1175 3641 πλουτίζειν
1196 3566 1263 3645 ἐμέ.

895 3827 1288 3841 -..-,,..--..-..-.-.
