4336 6060
1852 478 1893 544 39

235 674 349 759 θῆται
383 672 494 739 κακόν.
541 673 649 739 Semel
683 687 790 738 eutem
825 672 910 758 πράς
942 671 1078 737 articulo
1112 696 1184 737 cum
1218 671 1371 739 adverbio
1406 674 1579 759 conjuncto
1613 673 1741 736 additur
1766 672 1850 736 Pers.
1874 672 1938 735 470

236 814 288 879 sq.
324 794 456 860 τοιάνδε
489 814 543 860 σοι
577 794 663 881 πρὸς
694 796 734 880 τῇ
768 793 917 879 πάροιθε
945 793 1121 878 συμφορὰν
1143 800 1269 860 στένειν
1290 796 1391 879 πάρα.
1441 794 1565 858 Deinde
1588 794 1773 880 praepositio
1796 793 1842 854 ita
1864 812 1936 855 cum

240 911 356 977 dativo
380 917 543 1003 participii
565 916 773 1001 conjungitur
796 915 901 979 Prom.
925 917 984 979 321
1011 912 1096 999 πρὸς
1117 922 1186 988 τοῖς
1208 916 1352 998 παροῦσι
1374 913 1404 979 δ’
1426 913 1508 980 ἄλλα
1531 916 1742 1001 προσλαβεῖν,
1782 916 1845 1000 Ag.
1875 913 1939 978 500

243 1020 284 1097 εδ
307 1033 366 1119 γὰρ
401 1037 486 1120 πρὸς
516 1027 554 1102 εδ
577 1045 712 1121 φανεῖσι
746 1034 928 1122 προσθήκη
952 1034 1057 1101 πέλοι.
1104 1033 1271 1099 Postremo
1294 1034 1379 1119 πρός
1402 1057 1486 1120 saepe
1509 1058 1583 1099 cum
1608 1035 1716 1100 dativo
1740 1036 1939 1121 pronominis

247 1157 457 1243 conjungitur
492 1159 596 1224 Prom.
630 1160 691 1223 252
720 1156 805 1243 πρὸς
826 1158 935 1221 τοῖσδε
962 1160 1076 1237 μέντοι
1099 1157 1166 1241 πῦρ
1189 1154 1252 1236 ἐγώ
1274 1173 1357 1239 σφιν
1380 1154 1507 1221 ὤπασα.
1531 1155 1610 1221 ibid.
1635 1158 1696 1219 622
1719 1156 1774 1221 καὶ
1797 1156 1882 1241 πρός
1905 1179 1940 1238 γε

245 1272 376 1351 τούτοις
396 1283 498 1364 τέρμα
520 1281 577 1366 της
598 1279 677 1366 ἐμῆς
700 1276 827 1365 πλάνης
848 1278 964 1353 δεῖξον.
1010 1275 1098 1362 Sept.
1123 1276 1186 1341 265
1208 1275 1262 1339 καὶ
1285 1276 1370 1362 πρός
1385 1298 1421 1358 γε
1432 1272 1725 1356 τούτοις-εὔχου
1736 1278 1775 1342 τὰ
1787 1281 1940 1363 κρεῖσσον.

246 1394 335 1464 Pars.
359 1400 423 1464 237
447 1397 502 1464 καὶ
524 1401 559 1463 τί
580 1398 665 1485 πρὸς
686 1398 854 1464 τούτοισιν
875 1396 964 1462 ἄλλο.

299 1556 302 1563 ·
380 1521 468 1585 Adn.
504 1523 622 1606 Aque
656 1542 716 1584 usu
739 1542 777 1583 ea
800 1521 889 1583 notio
912 1516 1103 1582 deducenda
1126 1537 1195 1579 esse
1223 1515 1363 1591 videtur,
1397 1539 1459 1600 qua
1482 1518 1568 1600 πρός
1589 1519 1658 1583 sine
1682 1541 1757 1584 casu
1780 1520 1867 1587 dicto
1889 1523 1941 1587 ad·

242 1639 355 1706 verbii
393 1641 494 1705 instar
529 1656 709 1725 usurpatur,
744 1664 843 1727 quum
866 1639 951 1727 πρός
973 1639 1073 1704 latine
1096 1640 1238 1719 insuper,
1258 1641 1417 1719 praeterea
1440 1637 1699 1725 interpretamur.
1741 1640 1842 1726 Cujus
1867 1664 1942 1706 usus

241 1760 317 1825 haec
339 1761 551 1825 inveniuntur
580 1763 742 1848 exempla,
765 1761 870 1826 Prom.
896 1762 936 1825 73
960 1749 981 1849 ἦ
1005 1760 1074 1848 μην
1095 1757 1238 1821 κελεύσω
1263 1752 1468 1835 matteum
1493 1781 1528 1840 γε
1550 1759 1644 1843 πρός.
1668 1758 1747 1826 ibid.
1772 1763 1834 1825 926
1857 1754 1943 1848 ὅπερ

240 1880 402 1961 τελεῖται,
423 1881 510 1968 πρδς
531 1878 562 1947 δ’
583 1876 606 1946 δ’
626 1883 788 1966 βούλομαι
810 1883 902 1964 λέγω.
936 1880 1080 1977 Ghoeph.
1104 1879 1163 1943 301
1190 1876 1245 1942 καὶ
1268 1877 1353 1962 πρὸς
1375 1881 1479 1956 πιέζει
1502 1881 1678 1968 χρημάτων
1693 1876 1823 1969 ἀχηνία.
1848 1881 1941 1945 Eum.

246 2000 318 2066 238
350 2023 396 2088 sq.
423 2008 726 2089 προστετριμμένον
758 2025 793 2066 τε
826 2002 911 2088 πρὸς
943 2000 1092 2065 ἄλλοισιν
1128 1998 1232 2074 οἴκοις
1254 1997 1309 2064 καὶ
1331 2001 1536 2087 πορεύμασιν
1558 2003 1693 2086 βροτῶν,
1717 2025 1812 2088 quem
1836 2001 1941 2066 locum

251 2119 321 2183 hnc
353 2121 557 2187 referendum
594 2146 663 2188 esse
697 2137 777 2211 puto
810 2146 880 2187 eam
916 2143 1054 2208 sequens
1087 2120 1399 2207 interpretationem,
1429 2145 1522 2208 quem
1560 2122 1679 2187 Mi'rller
1714 2138 1747 2185 ct
1779 2121 1943 2186 Wellauer

256 2239 446 2326 probarunt
466 2264 559 2329 quam
584 2244 680 2308 etiarn
709 2243 913 2326 Wecklein¹)
937 2255 970 2306 et
996 2241 1128 2306 Kiihner
1150 2245 1195 2329 (p.
1219 2245 1296 2319 456)
1320 2242 1540 2327 accipiendam
1565 2245 1739 2325 censent2).

392 2361 449 2428 lll.
469 2360 558 2448 Πρός
581 2385 652 2427 cum
676 2364 828 2450 genetivo
852 2364 1058 2448 conjunctum

388 2483 437 2568 A)
458 2483 554 2548 locali
577 2505 635 2547 usu
660 2483 739 2548 duas
762 2483 859 2548 habet
880 2485 1038 2548 notiones.

302 2660 310 2671 .
385 2606 418 2688 a)
440 2603 514 2670 Una
540 2618 589 2667 est
612 2605 711 2689 notio,
734 2628 797 2691 qua
820 2604 1003 2693 praepositio
1027 2625 1044 2665 e
1068 2603 1175 2667 verbis
1197 2603 1339 2668 movendi
1360 2625 1515 2689 suspense
1537 2605 1657 2691 aliquid
1675 2605 1781 2692 aliqua
1796 2628 1837 2669 ex
1853 2619 1944 2692 partu

253 2720 418 2810 proficisci
452 2724 584 2801 indicat,
620 2748 718 2810 quum
754 2724 839 2809 πρός
867 2725 1050 2810 germanice
1073 2746 1133 2790 von
1157 2763 1196 2773 -
1215 2698 1285 2799 tar,
1308 2746 1369 2790 οοιι
1392 2763 1431 2772 -
1456 2747 1517 2791 aus
1541 2726 1799 2813 interpretamur.
1844 2726 1944 2810 Cujus

247 2844 396 2909 notionis
423 2867 616 2931 quamquam
651 2846 736 2930 apud
766 2846 966 2933 Aeschylum
991 2846 1114 2909 nullum
1138 2845 1302 2908 invenitur
1325 2845 1523 2930 exemplum,
1547 2846 1845 2912 mentionemmihi
1868 2845 1944 2909 faci-

248 2966 370 3030 endam
395 2987 466 3030 esse
490 2966 612 3051 putavi,
636 2988 734 3052 quum
758 2988 800 3029 ex
824 2990 862 3029 ea
884 2968 1015 3053 reliquae
1036 2966 1184 3029 notiones
1212 2965 1420 3029 deducantur.

384 3086 421 3164 b)
443 3086 564 3151 Altera
592 3109 668 3149 vero
703 3101 752 3150 est
786 3087 887 3164 noti0‚
921 3109 983 3173 qua
1011 3086 1196 3173 praepositio
1221 3084 1261 3147 de
1284 3084 1347 3148 situ
1371 3087 1433 3150 loci
1457 3088 1623 3174 cujusdam
1647 3069 1800 3174 usurpata
1822 3086 1944 3174 aliquid

249 3209 286 3273 in
309 3207 472 3295 quendam
496 3208 569 3272 coeli
592 3221 729 3273 tractum
752 3228 886 3293 vergere
910 3229 1013 3295 eoque
1037 3222 1182 3294 spectare
1205 3206 1335 3269 indicat.
1381 3206 1450 3286 Qua
1473 3210 1604 3274 notione
1627 3226 1720 3274 utens
1743 3208 1827 3293 πρός
1849 3208 1945 3271 etiarn

249 3352 330 3394 cum
364 3329 548 3395 accusativo
581 3330 802 3415 conjungitur;
836 3330 914 3416 quid
949 3343 1054 3394 autem
1090 3330 1174 3393 inter
1208 3328 1264 3391 has
1298 3328 1377 3391 duas
1400 3308 1655 3394 constructiones
1678 3331 1858 3406 interesset,
1878 3331 1945 3413 jam

250 3451 455 3537 supradixi.
491 3451 591 3536 Cujus
615 3473 690 3515 usus
719 3474 818 3515 unum
842 3465 950 3516 exstat
972 3452 1171 3537 exemplum,
1194 3449 1249 3514 ubi
1272 3448 1357 3532 πρός
1379 3472 1421 3514 ex
1444 3452 1579 3516 articulo
1602 3453 1810 3538 suspenditur
1833 3450 1946 3535 Suppl.

252 3573 323 3636 255
355 3571 393 3635 τὸ
421 3571 506 3659 πρὸς
538 3572 691 3646 δύνοντος
723 3571 830 3660 ἡλίου.
875 3571 952 3651 Quae
986 3570 1180 3655 significatio
1209 3571 1305 3633 etiam
1330 3571 1414 3656 apud
1439 3573 1596 3655 prosarios
1620 3595 1750 3659 perraro
1774 3573 1947 3653 invenitur,

254 3693 528 3778 frequentissimae
552 3708 658 3759 autem
684 3708 758 3758 sunt
780 3693 966 3758 tralationes
990 3691 1227 3778 praepositionis
1250 3689 1344 3776 πρός,
1367 3715 1437 3777 quae
1460 3716 1570 3757 omnes
1587 3694 1625 3758 ab
1642 3717 1680 3758 ea
1695 3695 1788 3758 locali
1807 3694 1947 3769 notione,

254 3836 330 3900 quae
355 3814 475 3902 aliquid
498 3815 647 3880 alicunde
671 3817 792 3879 moveri
818 3814 948 3891 indicat,
971 3811 1126 3897 profectae
1150 3833 1219 3874 esse
1243 3811 1405 3877 videntur.

388 3936 429 4021 B)
452 3937 627 4001 Translate
651 3936 911 4022 significationes.

388 4067 420 4135 n)
443 4058 523 4122 Cum
549 4058 655 4122 verbis
678 4056 863 4143 praepositio
886 4056 931 4118 ita
954 4055 1170 4138 conjungitur,
1193 4066 1230 4116 ut
1253 4053 1384 4128 indicet,
1408 4076 1449 4119 ex
1465 4076 1598 4139 quorum
1617 4055 1756 4118 consilio
1769 4055 1820 4118 vel
1837 4054 1948 4119 volun·

258 4189 327 4240 tate
349 4199 401 4241 rea
425 4193 494 4244 orta
518 4181 569 4243 sit.
1715 4166 1716 4171 ἵ

391 4299 429 4384 α)
456 4299 479 4362 [l
504 4299 610 4362 verbis
644 4300 822 4381 aeciprieadi
847 4320 1037 4384 suspensum
1073 4293 1158 4381 πρός
1193 4295 1333 4381 aliquem
1368 4294 1538 4380 abaliquo
1573 4297 1693 4383 aliquid
1718 4297 1864 4384 accipere
1887 4298 1948 4382 sig·

253 4417 382 4484 nificat.
1938 4494 1942 4505 Ι

392 4541 453 4606 Ex.
478 4542 583 4606 Prom.
608 4543 670 4605 638
693 4565 739 4628 sq.
762 4534 831 4628 ὅπη
853 4541 968 4621 μέλλοι
989 4563 1038 4613 τις
1060 4539 1216 4604 οἴσεσθαι
1239 4536 1341 4622 δάκρυ
1364 4537 1448 4621 πρὸς
1469 4540 1533 4602 τῶν
1555 4539 1729 4604 κλυόντων.
1775 4540 1863 4626 Sept.
1888 4544 1951 4607 550

254 4661 291 4729 εἰ
316 4642 378 4745 γὰρ
398 4662 529 4742 τύχοιεν
552 4647 596 4727 ὧν
619 4666 780 4747 φρονοῦσι
803 4661 888 4745 πρὸς
910 4663 1009 4739 θεῶν,
1031 4659 1086 4723 ubi
1111 4659 1282 4723 scholiasta
1305 4658 1389 4743 πρὸς
1410 4661 1500 4724 θεῶν
1515 4675 1601 4725 recte
1619 4662 1849 4748 interpretatur
1861 4665 1951 4748 παρὰ

399 4855 423 4921 1)
444 4857 481 4905 W.
501 4857 654 4908 Wecklein:
674 4855 823 4918 Aeschylos
843 4854 1032 4918 Prometheus,
1051 4852 1165 4916 Leipzig
1186 4852 1260 4911 1872,
1282 4866 1344 4915 pag.
1364 4854 1404 4900 35.

395 4945 424 5005 2)
444 4944 535 5007 Paley‚
555 4945 605 4993 alii
622 4938 695 5009 aptit
714 4945 766 4993 hoc
785 4944 847 4991 loco
867 4942 1092 5005 praepositionem
1112 4954 1172 4989 assa
1192 4944 1301 5003 putent.
1322 4954 1382 5002 quar
1395 4939 1591 5003 interpretatio
1605 4945 1633 4990 et
1646 4942 1707 5003 ipsa
1720 4943 1832 5004 probari
1847 4948 1951 5006 potest,

259 5045 347 5096 quum
367 5032 531 5094 praepositio
552 5047 585 5080 ea
604 5032 718 5080 notione
737 5031 778 5079 uti
798 5030 924 5092 putanda
942 5034 993 5080 eat.
1014 5029 1047 5076 de
1068 5044 1122 5091 qua
1141 5042 1225 5091 supra
1244 5028 1295 5090 (11,
1315 5023 1345 5086 Α,
1364 5026 1394 5090 b)
1413 5028 1516 5077 dictum
1536 5033 1586 5076 est:
