4336 6060
1839 456 1879 522 21

235 652 359 716 ἔπειθε
382 645 481 734 ῥῆσιν
505 641 590 728 ἄμφ’
612 642 704 731 ἡμῶν
727 644 829 726 λέγων
852 644 957 708 Prom.
981 646 1043 707 702
1066 640 1124 705 τὸν
1145 637 1230 725 ἄμφ’
1252 644 1368 727 ἑαυτῆς
1389 631 1496 705 ἆθλον
1517 640 1744 731 ἐξηγουμένης,
1768 644 1824 708 551
1847 668 1925 731 prae.

238 771 358 859 positio
385 766 536 855 genetivo
571 768 718 853 apposito
745 767 829 830 inter
862 765 1031 829 articulum
1055 777 1088 827 et
1111 762 1345 827 substantivum
1380 763 1541 841 inseritur,
1565 763 1596 827 id
1620 764 1706 850 quod
1729 770 1926 851 attractione,

236 916 335 981 quem
367 902 492 968 vocent,
526 888 695 953 statuenda
728 887 898 953 Wecklein
921 899 1008 951 recte
1033 885 1128 949 55551
1161 884 1226 949 5151
1259 908 1318 971 555
1352 880 1437 968 ἄμφ’
1459 886 1576 972 ἑαυτῆς
1596 885 1655 951 τὸν
1677 888 1794 974 ἑαυτῆς
1815 876 1925 953 ἆθλον

243 1015 467 1102 ἐξηγουμένης.
491 1048 534 1061 -
559 1013 584 1075 Α
611 1033 674 1097 quo
697 1033 757 1074 usu
780 1010 928 1096 proxime
952 1008 1043 1073 55551
1070 1028 1108 1070 55
1135 1007 1236 1084 55115,
1259 1030 1357 1094 quum
1383 1007 1641 1093 praepositionem
1654 1008 1724 1072 eliis
1741 1009 1773 1072 in
1791 1009 1926 1073 locutio·

243 1136 336 1202 nibus
367 1147 553 1220 usurpatam
586 1132 771 1218 germanice
804 1131 1054 1216 interpretamur
1076 1131 1111 1194 iu
1135 1128 1273 1212 Betreff;
1297 1129 1343 1192 115
1366 1132 1428 1213 Ag.
1455 1132 1536 1194 1074
1558 1131 1593 1194 τί
1612 1127 1702 1194 ταῦτ’
1724 1127 1928 1209 ἀνωτότυξας

241 1255 327 1342 ἀμφὶ
347 1256 485 1335 Λοξίου,
518 1253 573 1317 551
608 1252 810 1339 Negelsbsch
844 1248 935 1334 α’μφί
965 1250 1196 1336 interpretatur
1226 1252 1301 1316 »mit
1329 1249 1512 1336 Bertetusp
1535 1251 1623 1336 ausi,
1645 1251 1788 1338 itemque
1811 1251 1924 1340 Suppl.

242 1381 300 1447 391
326 1376 368 1452 ὥς
389 1372 453 1441 cris
475 1376 590 1456 ἔχουσι
613 1377 711 1461 κῦρος
733 1372 828 1439 οὐδὲν
850 1371 940 1457 ἀμφὶ
961 1374 1033 1435 σοῦ.

366 1499 402 1573 b)
428 1498 541 1562 Altera
575 1520 652 1561 vero
682 1510 732 1560 est
754 1496 890 1581 15515115,
914 1518 986 1581 quae
1009 1492 1139 1570 indicat,
1163 1517 1256 1579 quam
1281 1494 1321 1557 ob
1345 1517 1471 1559 causam
1495 1494 1572 1580 quid
1595 1495 1660 1569 fist,
1684 1518 1782 1581 quum
1806 1518 1929 1583 55555-

238 1623 391 1687 sitionem
425 1621 675 1705 interpretemur
702 1620 750 1703 ob,
782 1624 923 1701 propter,
947 1629 984 1681 ut
1005 1619 1069 1702 Ag.
1104 1616 1144 1679 62
1168 1615 1373 1701 πολυάνορος
1395 1611 1484 1700 ἀμφὶ
1507 1616 1658 1696 γυναικὸς
1680 1618 1789 1683 πολλὰ
1812 1619 1929 1684 παλαί·

236 1763 347 1829 opero
362 1782 402 1793 -
420 1740 548 1830 θήσων.

999 1967 1171 2037 ΠΕΡΙ.

372 2172 421 2235 De
440 2172 563 2256 forma.
609 2169 699 2253 Saepe
731 2189 787 2252 per
817 2166 1042 2253 anastrophen,
1065 2189 1159 2252 quam
1184 2181 1310 2253 vocant,
1334 2170 1517 2256 praepositio
1540 2168 1742 2233 substantivo
1766 2167 1930 2253 postponi·

245 2308 312 2367 155;
336 2292 444 2356 dativo
466 2313 542 2353 vero
566 2311 750 2374 numquam,
772 2286 954 2352 accusativo
978 2300 1085 2351 sutem
1109 2288 1208 2352 semel
1233 2290 1438 2376 postponitur
1461 2289 1546 2354 Pers.
1572 2292 1607 2353 61
1635 2283 1692 2363 511ς
1713 2293 1843 2373 πέρι-
1861 2292 1931 2352 στέ-

246 2433 355 2493 veron
386 2411 538 2498 genetivo
574 2432 651 2473 vero
675 2408 791 2495 siepius
816 2409 1020 2495 postponitur
1043 2423 1138 2496 atque
1161 2409 1195 2474 id
1218 2409 1349 2495 quidem
1373 2411 1427 2489 ita,
1452 2426 1573 2476 utnon
1596 2435 1667 2476 raro
1691 2410 1875 2498 praepositio
1898 2410 1931 2474 15

245 2536 309 2600 tine
332 2555 480 2598 versuum
507 2532 700 2604 collocetur3
723 2529 823 2593 semel
846 2550 923 2593 vero
947 2529 979 2592 in
1003 2528 1066 2593 fine
1090 2532 1269 2596 tetrametri
1292 2529 1391 2595 troch.
1416 2530 1579 2597 invenitur
1602 2531 1690 2597 Pers.
1714 2532 1794 2607 2253
1817 2530 1931 2594 151155

245 2670 357 2722 551515
382 2654 521 2719 trimetri
545 2652 718 2717 duodecies
741 2650 861 2737 legitur
884 2650 973 2738 Sept.
997 2654 1070 2731 248,
1095 2653 1183 2717 Pers.
1207 2654 1281 2729 329,
1305 2655 1369 2738 Ag.
1392 2653 1465 2730 843,
1489 2652 1566 2717 ibid.
1592 2653 1686 2737 1359,
1708 2652 1851 2740 Choeph.
1881 2653 1932 2729 86,

242 2776 321 2841 1515.
355 2776 429 2854 551,
463 2774 542 2839 ibid.
573 2776 646 2851 718,
670 2773 747 2838 ibid.
772 2774 844 2850 780,
868 2772 946 2837 ibid.
970 2774 1160 2852 85011515.
1186 2775 1259 2852 617,
1283 2774 1360 2839 ibid.
1385 2776 1458 2852 630,
1481 2774 1593 2861 Suppl.
1617 2773 1690 2837 369.
1714 2811 1755 2821 -
1778 2772 1933 2838 15115551

244 2896 427 2984 praepositio
462 2895 511 2961 bis
544 2895 664 2981 legitur
699 2899 761 2979 Ag.
798 2895 879 2960 1559
913 2893 991 2978 περὶ
1024 2901 1114 2982 χεῖρε
1142 2895 1287 2979 βαλοῦσα
1309 2895 1329 2960 1.
1354 2919 1381 2960 5.
1404 2904 1494 2984 χεῖρε
1527 2895 1753 2982 περιβαλοῦσα
1787 2908 1820 2960 51
1843 2894 1931 2959 Ρ555.

247 3022 320 3096 872,
354 3017 408 3081 551
443 3016 628 3104 praepositio
652 3030 725 3101 post
747 3016 881 3081 verbum
905 3017 1036 3103 ponitur
1060 3030 1193 3082 accentu
1217 3029 1366 3099 retracto,
1392 3016 1588 3103 ἐληλάμεναι
1610 3021 1689 3102 πέρι
1711 3014 1839 3099 πύργον
1861 3016 1881 3081 1.
1906 3038 1933 3079 e.

248 3137 521 3227 πιριεληλόμεναι
544 3136 680 3225 πύργον.

378 3261 427 3325 De
450 3261 691 3345 sipns’ficuts'one.

374 3382 400 3446 l.
446 3382 533 3467 Περί
553 3403 626 3445 cum
651 3379 833 3444 accusativo
857 3382 1063 3466 conjunctum

380 3503 540 3587 5115551·
562 3502 693 3565 notione
717 3501 858 3587 positum
881 3501 1129 3585 interpretamur
1151 3503 1277 3580 circum,
1300 3505 1395 3568 circa.
1431 3504 1531 3589 Cujus
1548 3525 1623 3565 usus
1639 3501 1762 3587 duplex
1778 3502 1933 3565 55155115.

374 3624 404 3706 5)
427 3621 500 3686 Una
522 3620 609 3685 enim
633 3635 682 3685 est
704 3620 907 3706 significati0,
930 3643 1028 3707 quum
1053 3622 1237 3707 praepositio
1261 3645 1278 3685 5
1301 3624 1481 3705 quiescendi
1502 3622 1608 3687 verbis
1624 3644 1780 3707 suspensa
1795 3621 1933 3707 aliquem

242 3744 298 3808 vel
322 3743 444 3829 aliquid
468 3744 551 3808 eirea
574 3743 713 3830 aliquem
737 3744 842 3806 locum
868 3763 937 3807 5555
961 3754 995 3805 51
1017 3742 1136 3806 versari
1149 3742 1279 3819 1551551,
1297 3765 1391 3829 quem
1416 3742 1683 3828 significationem
1707 3740 1841 3805 Kiihner
1864 3765 1935 3828 ger·

245 3864 370 3929 5555155
394 3863 737 3948 151555551515555155
762 3863 936 3928 5155511555
963 3863 1268 3950 175555511555515,
1292 3888 1342 3948 55,
1364 3862 1427 3943 551,
1450 3861 1551 3926 durch
1581 3862 1676 3926 einen
1699 3862 1935 3948 Gegsnstsndr.

251 3987 298 4050 115
331 3988 392 4073 Ag.
422 3986 485 4051 452
520 3983 598 4069 περὶ
631 3994 738 4065 τεῖχος
759 3985 868 4073 θήκας
890 3979 1033 4056 Ἰλιάδος
1056 3985 1112 4064 γᾶς
1134 3981 1298 4071 εὔμορφοι
1322 3990 1506 4066 κατέχουσι,
1529 3983 1706 4069 eademque
1729 3984 1819 4047 notio
1841 3983 1935 4062 15551,

251 4130 348 4194 quum
370 4106 557 4194 praepositio
583 4107 667 4171 inter
691 4108 862 4172 articulum
886 4120 919 4170 et
943 4105 1179 4170 substantivum
1204 4106 1367 4184 inseritur,
1393 4121 1429 4170 ut
1450 4107 1578 4192 Fragm.
1596 4106 1657 4170 271
1673 4105 1709 4169 ot
1721 4104 1799 4190 περὶ
1816 4106 1937 4188 λίμναν

252 4227 326 4291 1155
352 4225 557 4291 referendum
581 4248 650 4290 esse
682 4226 810 4291 videtur
833 4226 926 4292 Eum.
952 4230 1012 4292 165
1042 4227 1203 4315 φονολιβῆ
1226 4226 1386 4312 θρόνονῑ)
1409 4226 1487 4310 περὶ
1510 4224 1610 4304 πόδα,
1632 4223 1710 4308 περὶ
1733 4224 1826 4310 κόρα,
1849 4227 1934 4314 quod

249 4349 340 4415 Weil
360 4349 591 4435 interpretatur
613 4354 665 4414 rut
688 4349 802 4413 solium
826 4386 866 4395 —-
883 4386 919 4395 -
947 4370 968 4412 α
990 4370 1112 4414 suenum
1135 4351 1179 4415 cd
1200 4353 1298 4416 imum
1319 4352 1475 4433 strepuisse
1495 4349 1660 4413 stillaret».

379 4470 412 4552 b)
436 4472 551 4534 Altero
585 4492 661 4533 vero
685 4471 856 4548 55155115,
879 4493 975 4557 quum
1001 4471 1184 4556 praepositio
1208 4474 1391 4561 5555551151
1413 4472 1519 4536 verbis
1542 4490 1696 4555 suspensa
1721 4468 1859 4554 aliquem
1885 4472 1936 4535 vol

243 4592 370 4679 aliquid
404 4592 525 4656 circum
559 4592 719 4677 quendam
754 4592 860 4655 locum
884 4591 1058 4676 circumagi
1082 4607 1115 4654 et
1138 4592 1319 4675 promoveri
1343 4594 1473 4678 1551551,
1497 4613 1591 4679 quam
1615 4589 1778 4655 notionem
1803 4590 1936 4655 Kilhner

381 4786 408 4845 1)
427 4779 557 4850 θρόμβον
576 4786 723 4842 Hermann,
744 4782 870 4839 Dindort,
890 4797 971 4845 quem
986 4782 1110 4830 voculam
1124 4797 1185 4832 eum
1196 4783 1346 4846 5551151515
1360 4782 1522 4850 κροτοῦντες
1536 4785 1759 4850 conjungendam
1773 4797 1833 4832 ssss
1853 4783 1936 4831 55551

245 4871 397 4930 Hermann,
427 4872 570 4934 locumque
588 4873 630 4922 115
653 4872 775 4935 explieat
798 4869 922 4919 ssolehss
941 4870 1115 4932 vollbringen
1135 4870 1180 4919 die
1199 4871 1300 4934 jungsn
1320 4871 1425 4931 (151155,
1446 4873 1491 4923 515
1510 4873 1568 4923 sieh
1587 4887 1674 4937 gagen
1694 4873 1764 4922 alles
1783 4871 1870 4921 Reeht
1888 4871 1937 4920 der

246 4960 382 5024 81515555
402 4974 438 5009 55
456 4960 525 5009 11555
544 4962 599 5010 555
621 4962 714 5024 Haupt
732 4959 939 5021 bennehtigsn:
959 4959 984 5007 5.
1004 4958 1030 5007 h.
1049 4958 1094 5006 515
1113 4958 1171 5007 5155
1192 4959 1241 5007 555
1261 4958 1375 5008 (1551551
1393 4961 1461 5009 liber
1479 4962 1531 5010 den
1552 4975 1587 5009 55
1606 4960 1702 5022 Haupt
1720 4958 1776 5007 555
1795 4959 1864 5006 11555
1887 4957 1937 5004 mlt

244 5047 314 5097 8151
331 5046 506 5110 55555115155
526 5047 636 5096 1155555
654 5058 840 5097 5555555555.
878 5045 927 5095 Otr
945 5046 1037 5094 Herm.
1058 5045 1158 5109 05555.
1177 5046 1221 5105 VI,
1243 5050 1258 5095 1
1278 5061 1304 5109 p.
1325 5048 1365 5096 40.
