4336 6060
1736 506 1777 569 29

267 696 301 781 b)
333 696 382 763 ltx
418 720 456 760 ea
489 697 736 783 significatione,
769 720 838 783 quac
862 697 894 761 id
917 697 1048 774 indicat,
1082 695 1168 785 quod
1191 696 1230 760 ab
1254 697 1361 782 aliquo
1386 699 1606 783 proficiscitur,
1631 696 1821 762 deducenda

132 831 186 882 est
221 841 261 882 ea
292 818 389 895 notio,
412 840 510 903 quum
540 818 723 904 praepositio
746 840 818 881 cum
842 817 949 881 verbis
973 818 1108 903 passivis
1131 818 1302 902 conjuncto
1323 821 1457 900 speretis,
1481 840 1576 904 quem
1600 832 1725 893 vocant,
1750 816 1820 880 vice

135 939 292 1025 fungitur.
335 938 436 1023 Cujus
459 960 535 1002 usus
556 961 654 1002 unum
679 951 785 1017 exstat
808 939 1005 1024 exemplum,
1029 962 1126 1025 quum
1149 938 1282 1003 everbo
1305 938 1523 1004 διδάσκεσθαι
1546 938 1730 1026 praepositio
1754 961 1820 1003 sus·

136 1058 287 1147 penditur
320 1056 426 1122 Prom.
460 1059 523 1122 634
554 1056 595 1122 τὰ
627 1057 729 1123 λοιπὰ
762 1055 793 1124 δ’
825 1057 940 1124 ἄθλων
966 1062 1028 1123 σοῦ
1060 1057 1250 1146 διδαχθήτω
1286 1057 1386 1144 πάρα,
1415 1061 1471 1146 qui
1494 1082 1570 1124 usus
1592 1081 1635 1122 ex
1658 1059 1820 1144 exemplis

137 1204 232 1268 supra
258 1178 364 1245 allatis
394 1178 487 1243 facile
511 1178 668 1264 explicari
692 1192 808 1264 potest,
854 1179 899 1244 Ut
922 1180 1007 1243 enim
1031 1201 1073 1241 ex
1095 1177 1195 1241 verbo
1216 1178 1400 1257 μανθάνειν
1423 1179 1514 1265 παρά
1535 1180 1752 1266 suspenditur,
1775 1180 1821 1244 ita

136 1300 352 1369 διδάσκεσθαι
386 1322 457 1364 cum
492 1299 716 1386 praepositione
745 1299 836 1385 παρό
863 1300 1015 1387 conjungi
1039 1324 1101 1363 non
1126 1299 1240 1363 mirum
1263 1316 1322 1376 est,
1346 1302 1421 1387 quia
1442 1302 1499 1366 ille
1520 1301 1619 1365 verbe
1641 1301 1727 1366 idern
1752 1302 1819 1365 sere

136 1422 320 1510 significare
345 1420 486 1508 putanda
509 1436 592 1486 sunt.

263 1542 350 1609 Adn.
395 1542 658 1628 Praepositionem
688 1543 780 1628 παρό
802 1566 873 1607 cum
902 1544 1055 1629 genetivo
1078 1545 1280 1627 conjunctam
1305 1545 1480 1630 saepissime
1504 1543 1544 1607 de
1567 1545 1745 1610 hominihus
1768 1546 1819 1609 vel

130 1667 331 1733 animalibus
364 1664 511 1750 usurpari
544 1687 639 1728 nemo
673 1687 735 1727 nou
771 1664 934 1750 cognitum
969 1663 1076 1728 habet.
1122 1666 1224 1744 Quem
1254 1688 1357 1739 usum,
1382 1667 1408 1730 si
1432 1667 1583 1752 exempla
1605 1689 1702 1752 supra
1725 1667 1822 1731 allate

132 1786 322 1872 perlegeris,
346 1786 443 1850 etiam
467 1785 506 1849 ab
531 1782 694 1868 Aeschylo
717 1797 876 1849 servatum
901 1809 970 1848 esse
996 1785 1137 1871 reperies
1161 1786 1306 1870 exceptis
1330 1786 1456 1850 duobus
1479 1786 1569 1865 locis,
1594 1786 1648 1851 ubi
1672 1787 1821 1852 derebus·

135 1904 229 1993 παρό
250 1906 367 1971 dicitur
390 1906 478 1990 Sept.
503 1907 565 1969 629
588 1902 658 1989 παρ’
679 1901 821 1978 σ’σπίδος
843 1901 1187 1990 reprehendendam
1209 1904 1300 1986 δόρυ.
1345 1906 1456 1991 Suppl.
1484 1908 1541 1971 198
1563 1905 1601 1969 τὸ
1618 1904 1665 1994 μὴ
1681 1905 1822 1985 μάταιον

138 2066 181 2081 -
203 2027 346 2111 ὄμματος
369 2023 438 2111 παρ’
459 2023 596 2115 ἡσόχον.

885 2319 1072 2392 ΠΡΟΣ

269 2523 317 2587 De
349 2524 459 2588 forma.
506 2524 618 2608 Longe
654 2519 860 2585 usitatissima
894 2534 943 2584 est
966 2519 1069 2583 forma
1096 2519 1180 2605 πρός
1208 2521 1295 2585 etin
1320 2523 1545 2609 praepositione
1569 2523 1710 2609 simplici
1733 2536 1766 2587 et
1788 2525 1820 2587 in

137 2644 243 2710 verbis
275 2668 347 2709 cunr
377 2669 415 2709 ea
438 2644 634 2732 compositis.
679 2642 811 2708 Poetiea
833 2654 939 2705 autem
963 2642 1067 2706 forma
1089 2643 1169 2706 ποτί
1189 2654 1223 2706 et
1245 2642 1315 2728 ipsa
1337 2666 1401 2708 non
1425 2645 1527 2708 solum
1552 2668 1623 2709 eum
1648 2667 1723 2708 casu
1746 2669 1820 2709 con·

86 2757 92 2767 ’
131 2766 283 2853 jungitur
317 2767 406 2854 Sept.
442 2768 515 2844 295,
550 2769 613 2853 Ag.
637 2767 710 2845 725,
732 2764 827 2829 Eum.
851 2764 902 2838 79,
926 2762 983 2827 sed
1007 2763 1104 2827 etiarn
1127 2764 1159 2827 in
1184 2765 1369 2850 compositis
1394 2780 1564 2852 usurpatur
1587 2768 1822 2849 ποτινίσσομαι

137 2890 240 2954 Proru.
277 2889 351 2974 530,
385 2891 578 2954 ποτιπόπτω
614 2887 704 2975 Sept.
738 2888 790 2966 96,
824 2884 1063 2971 ποτιτρόπαιος
1091 2885 1203 2972 Suppl.
1227 2886 1302 2971 362,
1325 2886 1419 2951 Eum.
1445 2889 1506 2953 176
1516 2889 1556 2970 1);
1580 2903 1653 2981 ante
1677 2889 1821 2953 vocalem

138 3025 242 3076 autern
277 3010 403 3097 syllaba
435 3009 539 3074 finalis
563 3008 694 3074 eliditur
717 3008 750 3073 in
775 3009 946 3081 ποταίνιος
967 3007 1072 3074 Prom.
1099 3009 1170 3084 102,
1195 3006 1282 3094 Sept.
1307 3007 1820 3098 239²)‚Ch00ph.1055,Eum.

137 3135 208 3199 282.
254 3132 332 3196 Alia
354 3155 430 3195 vero
453 3131 688 3218 praepositionis
711 3130 815 3194 forma
836 3129 1035 3214 προτίουσι
1059 3128 1098 3192 ab
1121 3128 1287 3216 Aeschylo
1310 3129 1352 3195 sit
1375 3128 1528 3214 adhibita,
1556 3132 1650 3196 valde
1681 3131 1821 3197 dubitari

134 3267 252 3341 potest.
299 3253 392 3319 Illsm
416 3252 500 3316 enim
525 3253 659 3317 formem
684 3252 772 3339 Sept.
796 3252 870 3330 346,
894 3274 958 3337 quo
981 3275 1045 3315 uno
1068 3252 1139 3316 loco
1162 3252 1355 3340 interpretes
1378 3253 1525 3318 nonnulli
1546 3276 1616 3318 eam
1636 3270 1822 3340 posueruut,

133 3374 240 3440 codex
263 3374 430 3440 hlediceus
454 3398 517 3438 non
541 3373 654 3453 haben
678 3373 864 3439 Tauriensis
887 3374 974 3438 solus
997 3373 1119 3460 praebet
1141 3373 1208 3459 πρό
1223 3376 1258 3438 τί
1272 3374 1401 3454 πτόλιν,
1417 3374 1616 3461 eandemque
1632 3377 1820 3463 scripturam

133 3496 234 3562 habet
267 3496 551 3572 Guelferbntauus‚
575 3494 631 3559 sed
655 3518 725 3560 earn
749 3519 792 3559 ex
815 3496 1041 3561 emendatione
1065 3496 1193 3579 factam,
1216 3519 1314 3583 quum
1339 3509 1433 3561 antea
1455 3500 1537 3562 ποτό
1557 3498 1675 3563 πτόλιν
1697 3498 1822 3583 fuisset,

135 3634 173 3683 ut
208 3640 250 3682 ex
283 3617 488 3682 ednotatioue
522 3616 699 3680 Hermanni
727 3631 869 3703 apparet.
916 3617 1115 3704 Quamquam
1144 3617 1244 3703 igitur
1267 3618 1361 3683 valde
1384 3619 1542 3683 incertum
1567 3635 1626 3695 est,
1650 3644 1726 3684 num
1752 3643 1822 3685 eam

134 3740 274 3804 sormam
296 3736 460 3823 Aeschylo
485 3737 672 3821 tribuemus,
695 3752 800 3802 tamen
824 3762 921 3825 quum
946 3738 1026 3802 nihil
1050 3739 1164 3803 melius
1180 3738 1325 3824 habeam,
1341 3740 1472 3828 optimis
1490 3741 1608 3805 criticis
1627 3741 1822 3819 Hermanno,

134 3860 323 3945 Ritsehelio‚
358 3861 428 3925 aliis
458 3860 706 3926 assentientibus
729 3884 798 3925 earn
823 3861 1042 3948 accipiendam
1067 3884 1182 3926 censeo
1206 3876 1301 3948 atque
1325 3885 1396 3926 cum
1420 3862 1645 3928 Heimsoethio
1669 3862 1823 3927 hocloco

138 3982 310 4069 legendum
345 3981 539 4068 κορκορυγαὶ
567 3979 596 4047 δ’
618 3978 669 4047 ἄν’
696 3980 788 4061 ἅστν,
816 3981 916 4069 προτὶ
938 3978 968 4047 δ’
991 3980 1134 4068 ὁρκόνσν
1157 3984 1332 4068 πνργῶτιν.
1377 3983 1544 4048 Eceteris
1568 3997 1674 4048 autern
1699 3984 1822 4060 formis,

140 4126 214 4190 quas
236 4104 367 4169 Curtius
377 4105 406 4190 ³)
428 4119 605 4189 enumeret,
629 4105 713 4191 apud
736 4104 935 4190 Aeschylum
960 4105 1048 4169 nulla
1071 4104 1244 4169 invenitur.

264 4226 314 4290 De
338 4224 583 4311 significatione.

268 4347 292 4412 l.
338 4345 429 4433 Πρός
452 4368 522 4409 curn
547 4347 728 4410 accusativo
751 4348 957 4431 conjunctum

267 4473 310 4546 A)
334 4469 428 4534 locali
449 4491 508 4531 usu
532 4467 633 4531 tribus
657 4469 757 4532 utitur
780 4467 1078 4554 significationibus.

264 4594 295 4676 s)
318 4590 390 4655 Une
412 4590 496 4653 euim
522 4602 571 4653 est
593 4590 692 4667 notio,
716 4613 778 4674 qua
801 4590 985 4675 praepoaitio
1006 4613 1023 4654 c
1047 4589 1153 4654 verbis
1176 4592 1319 4657 ιιιονιιιόί
1341 4614 1496 4677 suspense
1519 4589 1649 4672 indicat,
1670 4590 1822 4675 quemad

133 4712 245 4776 locum
268 4711 382 4799 aliquis
406 4712 458 4774 vel
482 4710 603 4796 aliquid
626 4724 862 4797 promoveatur,
886 4731 984 4796 quum
1007 4712 1093 4797 πρός
1115 4713 1159 4777 ad
1180 4711 1438 4798 interpretemur.

269 4904 295 4968 1)
314 4905 395 4954 Aliud
415 4905 526 4954 verbum
546 4917 605 4953 cnm
625 4902 692 4954 ποτι·
710 4902 892 4966 compositum
912 4902 1030 4952 Dindort
1049 4904 1170 4967 conjecit
1188 4905 1262 4967 Sept.
1283 4906 1315 4954 83
1334 4903 1584 4969 ποτιχρίμπκιμσι.

266 4992 293 5045 2)
312 4990 474 5040 Heimsoeth
491 4991 544 5040 hec
562 4990 623 5039 loco
642 4988 801 5054 ποτίφατον
819 4989 947 5052 coniecit,
967 5003 1027 5052 quse
1047 4989 1208 5052 conjecturs
1227 5003 1244 5037 ι
1261 4990 1404 5039 Dindorfio
1424 4991 1540 5052 accepta
1558 4992 1609 5037 est.

266 5076 296 5142 ³)
316 5077 480 5140 Grundattge
500 5078 549 5126 der
562 5075 756 5128 Griechischtn
775 5075 950 5138 Etymolegie
970 5089 1024 5124 von
1044 5075 1074 5125 G.
1094 5076 1213 5128 Curtius.
1245 5077 1299 5124 ltte
1317 5074 1438 5136 Auflsge,
1458 5073 1571 5137 Leipzig
1592 5074 1667 5135 1879,
1686 5091 1748 5141 pag.
1763 5077 1822 5127 tto.
