4336 6060
1688 477 1728 545 47

82 694 100 739 e
124 675 224 739 verbo
247 678 343 742 aalma·
367 674 417 739 vel
440 672 585 742 veniendi
607 671 816 758 suspenditur
840 669 946 735 Prom.
975 672 1056 738 1089
1080 665 1185 737 τοιάδ’
1208 668 1263 736 ἐπ’
1286 668 1360 754 ἐμοὶ
1378 669 1461 758 ῥιπὴ
1475 708 1515 718 -
1529 668 1661 750 στείχει.
1694 669 1777 734 Pers.

81 800 144 862 436
167 794 271 860 τοιάδ’
304 793 359 860 ἐπ’
391 792 503 869 αύτοῖς
531 786 617 883 ἦλθε
640 792 995 877 συμφοράπάθοοςλ).
1041 794 1125 857 Tum
1151 794 1258 858 verbis
1281 788 1457 860 collocandi
1479 792 1666 877 adjungitur
1690 792 1778 878 Sept.

81 920 144 980 447
169 914 251 1003 άνὴρ
275 913 304 979 δ’
326 912 382 979 ἐπ’
403 911 491 999 αύτῷ
515 955 554 965 -
577 922 737 981 τέτακται.
760 915 839 978 ibid.
863 916 927 978 620
949 910 1004 979 ἐπ’
1025 911 1114 998 αύτῷ
1143 919 1237 999 φόνια
1269 953 1309 963 -
1343 912 1565 994 ἀντιτάξομεν.
1613 913 1779 976 Postremo

83 1059 101 1100 e
125 1036 225 1098 verbo
258 1038 407 1102 tendendi
428 1038 636 1123 suspenditur
661 1039 724 1122 Ag.
749 1036 813 1099 363
836 1029 891 1098 ἐπ’
913 1031 1114 1121 Ἀλεξάνδρῳ
1138 1039 1285 1101 τείνοντα
1308 1037 1413 1101 πάλαι
1434 1033 1539 1111 τόξον.
1586 1035 1615 1095 Α
1639 1054 1702 1116 qua
1724 1054 1779 1094 no·

83 1157 171 1219 tione
195 1157 348 1219 transitus
371 1157 475 1221 l'aoilis
498 1173 548 1221 est
570 1157 609 1222 ad
635 1157 834 1233 translatam,
857 1179 952 1242 quarn
977 1179 1056 1220 mox
1080 1157 1165 1220 infra
1189 1157 1458 1221 commemorabo

214 1275 251 1339 B.
275 1275 451 1340 Translata
474 1277 738 1363 significationes.

213 1403 244 1476 a)
268 1396 342 1460 Una
375 1411 423 1460 ast
447 1400 585 1478 molatio,
619 1421 682 1485 qua
705 1423 722 1462 e
746 1397 854 1463 verbis
876 1400 1067 1482 ίιτοιιιιυνιάί,
1090 1400 1299 1482 οτιιομίίαιιάί,
1322 1399 1483 1463 similibus
1507 1416 1660 1483 suspensa
1684 1409 1780 1481 atque

87 1518 125 1580 de
147 1518 329 1583 hominibus
362 1518 447 1580 diets
481 1520 666 1605 praepositio
690 1519 729 1582 ad
753 1517 871 1582 hostile
895 1519 1065 1582 eonsilium
1089 1518 1298 1583 indicandum
1321 1536 1505 1605 usurpatur,
1529 1538 1626 1603 quum
1651 1517 1712 1580 rut
1733 1517 1779 1578 in-

84 1654 300 1723 terpretamur
333 1644 454 1712 contra,
488 1639 654 1704 adversus
699 1639 776 1719 Quas
810 1640 899 1703 notio
933 1640 1020 1703 idern
1056 1641 1124 1704 fero
1153 1639 1315 1725 significat
1345 1654 1440 1725 atque
1464 1662 1512 1721 ea,
1536 1638 1575 1700 ‹le
1600 1660 1662 1724 qua
1685 1659 1781 1722 supra

85 1760 166 1842 dixi,
201 1759 258 1821 sed
292 1759 445 1822 translate
480 1758 599 1822 dieitur
634 1760 832 1845 praepositio,
866 1781 965 1845 quum
1000 1783 1072 1824 eum
1096 1760 1217 1839 verbis,
1254 1783 1326 1845 quae
1364 1762 1402 1824 ad
1442 1761 1582 1823 animum
1621 1773 1780 1844 spactant,

86 1880 310 1964 conjungatur.

211 2000 272 2065 Ex.
308 1999 389 2062 Cum
424 2000 524 2063 verbo
559 2000 739 2064 investiendi
771 2002 978 2086 conjungitur
1012 2001 1117 2064 Prom.
1154 2001 1193 2064 97
1229 1998 1353 2064 τοιόνδ’
1375 1999 1392 2064 ὁ
1416 2006 1488 2073 νέος
1509 1999 1605 2081 ταχύς
1625 1998 1781 2082 μακάρων

85 2115 194 2205 ἐξηῦρ’
225 2116 280 2183 ἐπ’
313 2118 387 2199 ἐμοὶ
420 2118 552 2201 δεσμόν.
597 2119 742 2205 Choeph.
774 2121 830 2184 991
860 2117 915 2184 ἐπ’
954 2117 1049 2205 α’νάρὶ
1078 2117 1167 2185 τοῦτ’
1189 2121 1335 2209 ἐμήσατο
1358 2120 1484 2202 στύγος.
1534 2120 1657 2184 Deinde
1682 2121 1780 2184 verbo

85 2240 398 2320 παρασκευάζεσθαι
422 2241 551 2304 additur
574 2241 680 2306 Prorn.
705 2242 767 2305 929
790 2251 882 2307 τοῖον
904 2240 1091 2330 παλαιστὴν
1112 2242 1173 2306 νύν
1196 2240 1476 2325 παρασκευάζεται
1498 2237 1554 2304 ἐπ’
1568 2237 1668 2314 αύτός
1681 2238 1780 2324 αὐτῷ,

85 2360 171 2444 quod
207 2362 393 2446 exemplum
428 2363 511 2425 viam
550 2363 743 2448 praemunire
777 2364 908 2428 videtur
941 2365 1075 2428 adeam
1100 2362 1278 2439 notionem,
1303 2386 1398 2446 quum
1422 2363 1482 2427 ἐπί
1503 2365 1541 2426 iis
1565 2364 1596 2425 in
1621 2361 1780 2446 exemplis

85 2499 269 2567 usurpatur,
303 2484 334 2546 in
368 2483 484 2569 quibus
520 2485 748 2570 praepositione
783 2485 903 2548 omissa
936 2485 1063 2551 dativus
1093 2484 1180 2547 solus
1202 2483 1278 2568 poni
1302 2498 1439 2568 poterat,
1462 2484 1502 2547 de
1526 2505 1589 2568 quo
1613 2505 1674 2544 usu
1697 2481 1780 2544 infra

86 2602 221 2668 dicetur.
267 2604 351 2667 Tum
376 2626 416 2666 ex
440 2604 601 2688 adjectivo
624 2606 833 2690 suspenditur
856 2606 944 2672 Pers.
967 2608 1029 2672 942
1052 2606 1178 2685 δαίμων
1202 2602 1262 2689 γὰρ
1285 2597 1335 2667 ὅδ’
1349 2594 1390 2667 ού
1405 2603 1610 2685 μετάτροπος
1624 2598 1679 2666 ἐπ’
1694 2603 1780 2683 ἐμοί·

86 2721 269 2786 Perstromo
296 2747 369 2787 cum
403 2724 604 2788 substantivo
638 2727 846 2811 conjungitur
879 2727 1024 2813 Choeph.
1053 2726 1115 2790 627
1140 2722 1414 2808 γυναικοβούλους
1435 2744 1471 2786 τε
1492 2722 1629 2809 μήτιδας
1651 2724 1781 2806 φρενῶν

84 2837 140 2902 ἐπ’
163 2838 257 2927 α’νάρὶ
279 2842 503 2928 τευχεσφόρῳ,
525 2840 579 2908 ἐπ’
601 2841 696 2931 (iudei
717 2848 849 2934 δᾴοισιν
871 2849 993 2932 ἐγκότῳ
1010 2850 1116 2931 σέβας.

216 2960 250 3036 b)
274 2961 350 3024 Alia
373 2977 422 3024 est
444 2963 583 3041 molatio,
606 2986 669 3050 qua
692 2989 710 3028 e
733 2967 840 3030 verbis
863 2967 988 3033 άίτειιόί
1009 2966 1121 3029 aliisve
1144 2964 1231 3027 idenr
1256 2963 1325 3026 sere
1348 2961 1603 3048 significantibus
1627 2983 1781 3047 suspensa

84 3091 181 3162 etque
205 3077 245 3141 de
269 3079 452 3147 hominibus
476 3082 562 3147 dieta
584 3087 771 3173 praepositio
799 3087 932 3171 indicat,
956 3087 996 3149 de
1020 3085 1138 3173 quibus
1161 3083 1237 3171 quid
1263 3083 1398 3167 dicatur,
1421 3105 1518 3169 quum
1543 3082 1603 3146 ἐπί
1624 3083 1780 3169 interpre-
1826 3110 1831 3119 ¹

86 3212 194 3260 tamur
216 3200 263 3279 cte,
286 3222 392 3284 super,
415 3204 499 3285 quod
520 3207 632 3272 attinet
654 3209 706 3273 ad.

215 3321 277 3384 Ex.
301 3324 381 3386 Cum
417 3324 516 3389 verbo
537 3326 661 3393 άίιιπάί
683 3329 888 3415 conjungitur
910 3326 998 3413 Sept.
1023 3327 1086 3390 923
1108 3323 1249 3410 πάρεστι
1271 3321 1301 3389 δ’
1321 3322 1431 3389 εἰπεῖν
1452 3320 1507 3387 ἐπ’
1527 3320 1707 3389 ἀθλίοισιν.
1753 3325 1781 3389 E

84 3442 184 3505 verbo
219 3458 327 3506 autam
358 3444 568 3524 jmtattoaem
595 3449 758 3514 indicante
790 3449 1000 3535 suspenditur
1035 3447 1124 3533 Sept.
1148 3448 1211 3511 480
1234 3444 1378 3528 κόμπαζ’
1398 3442 1454 3510 ἐπ’
1475 3444 1572 3530 ἄλλῳ.
1611 3451 1672 3531 Ag.
1700 3449 1782 3512 1400

85 3559 206 3625 τοιόνδ’
239 3560 294 3627 ἐπ’
322 3560 416 3646 άνάρὶ
449 3568 629 3646 κομπάζεις
649 3570 757 3651 λόγον.
804 3570 931 3633 Deinde
955 3570 995 3632 de
1020 3568 1305 3632 lamentationibus
1328 3568 1368 3630 de
1393 3583 1520 3631 mortuo
1544 3569 1639 3631 editis
1663 3569 1781 3632 (licitur

86 3689 150 3767 Ag.
187 3687 266 3748 1547
301 3684 498 3769 ἐπιτύμβιον
530 3681 694 3755 αἶνονέπ’
716 3686 811 3776 άνάρὶ
834 3692 927 3774 θείῳ·
943 3691 1006 3755 σύν
1028 3689 1190 3773 δάκρυσιν
1214 3687 1386 3766 tenram).
1432 3688 1515 3752 Tum
1540 3690 1640 3753 verbo
1663 3690 1781 3752 omisso

87 3806 329 3869 esubstantivo
361 3809 570 3894 suspenditur
599 3810 694 3873 Ilum.
718 3814 792 3888 329,
816 3813 874 3875 341
902 3809 961 3874 ἐπὶ
983 3810 1019 3874 δὲ
1040 3812 1086 3893 τῷ
1107 3813 1279 3891 τεθυμένῳ
1302 3807 1378 3871 τόδε
1398 3809 1506 3888 μύλος,
1531 3809 1584 3873 ubi
1610 3809 1781 3874 scholiasta

89 3925 146 3989 ἐπί
165 3929 210 4011 τῷ
229 3932 402 4012 τεθυμένῳ
427 3945 513 3993 reete
536 3931 769 4015 interpretatur
791 3929 849 3995 ἐπὶ
872 3927 1013 4018 Ὀρέστῃ
1035 3930 1186 4012 μέλλοντι
1209 3928 1371 4014 θύεσθαι,
1394 3951 1488 4014 quem
1506 3931 1611 3994 locum
1626 3930 1779 3993 verrimus

90 4064 182 4126 super
203 4051 309 4115 ιλιυοίο
331 4052 472 4135 malefico
494 4053 549 4118 λοι
571 4075 700 4119 carmen
721 4055 858 4118 canitur.
905 4053 983 4132 Quae
1006 4051 1096 4114 notio
1120 4050 1243 4135 duplici
1266 4052 1390 4115 ratione
1423 4052 1540 4115 variari
1563 4064 1678 4137 potest.
1713 4049 1780 4113 Pri-

91 4187 176 4228 mum
199 4172 284 4234 enirn
307 4173 492 4257 praepositio
519 4173 551 4236 in
575 4173 793 4239 locutionibus
816 4187 1000 4260 usurpatur,
1023 4172 1140 4258 quibus
1164 4170 1285 4256 aliquid
1298 4171 1458 4235 hostiliter
1472 4176 1625 4236 adversus
1639 4172 1778 4257 aliquem

92 4285 212 4352 dictum
239 4292 407 4367 indicatur,
442 4308 477 4357 ut
501 4294 589 4380 Sept.
612 4297 676 4360 483
710 4294 881 4382 ὑπέραυχα
908 4293 1042 4378 βάζουσι
1065 4291 1124 4356 ἐπὶ
1146 4292 1273 4368 πτόλει,
1296 4316 1366 4377 quan
1389 4292 1580 4378 significatio
1604 4293 1709 4356 vicina
1732 4308 1782 4357 est

89 4407 130 4481 ei,
154 4407 194 4470 de
217 4432 280 4496 qua
300 4436 396 4499 snpra
419 4431 466 4477 eat
491 4417 611 4480 dietum
621 4420 656 4494 ³).
707 4420 792 4482 Ταιῃ
816 4416 1002 4503 praepositio
1024 4414 1058 4477 in
1082 4413 1300 4477 locutionibus
1323 4414 1498 4493 invenitur,
1520 4414 1636 4500 quibus
1660 4416 1780 4501 aliquid

90 4550 167 4609 erga
190 4531 327 4616 aliquem
361 4536 462 4599 arnico
487 4551 520 4600 et
543 4537 700 4645 benevole
725 4540 846 4602 dietum
870 4536 1081 4622 significatur,
1106 4549 1142 4597 ut
1166 4534 1279 4620 Suppl,
1299 4536 1362 4600 625
1384 4534 1526 4617 λέξωμεν
1547 4530 1602 4598 ἐπ’
1624 4530 1782 4619 Ἀργείοις

89 4689 208 4697 -----

221 4779 247 4845 1)
266 4781 309 4830 lta
328 4784 388 4831 eorl.
408 4786 442 4835 Μ.
464 4789 492 4833 et
511 4784 636 4848 plerique
655 4783 732 4841 libri3
753 4785 833 4848 Weil,
851 4785 972 4848 itemque
992 4783 1119 4842 Dindorl,
1139 4782 1208 4844 legit
1227 4774 1268 4830 ἐπ’
1288 4775 1386 4831 αύτούς
1406 4780 1509 4828 collato
1529 4779 1591 4829 loeo
1612 4782 1700 4830 Prom.
1720 4782 1780 4840 864,

87 4867 122 4913 de
141 4882 195 4929 quo
216 4882 301 4930 snpra
320 4871 385 4918 dixi.

226 4956 254 5016 2)
274 4956 468 5020 Coniecturam
488 4954 621 5003 Stanleeii
641 4947 818 5020 (ἐπιτύμβιον
837 4947 929 5016 αἶνον)
950 4955 1142 5017 accipiendam
1162 4956 1257 5002 censet
1278 4952 1405 5002 Diodori.

219 5043 248 5107 3)
269 5043 335 5091 Eam
356 5043 498 5091 notionem
517 5038 672 5106 (αᾱοιτενιε)
692 5041 892 5089 accensendam
912 5055 973 5090 esse
995 5043 1099 5090 Ahrens
1119 5042 1202 5104 putat
1219 5040 1304 5088 etlam
1324 5039 1385 5086 loeo
1407 5039 1472 5088 Eum
1494 5042 1551 5091 929.
