4336 6060
288 439 329 507 tt

370 638 405 720 γ)
428 637 505 701 Alie
527 652 633 700 autem
669 653 719 699 est
751 633 956 720 significatio,
990 659 1052 721 qua
1087 637 1270 724 prepositio
1304 636 1442 725 aliquem
1468 640 1653 727 apartibus
1688 643 1823 730 alicujus
1847 660 1938 709 stare

241 755 411 842 significat,
437 761 527 843 cujus
552 783 627 823 usus
651 783 750 824 unum
773 758 937 824 invenitur
960 759 1145 844 exemplum
1170 759 1258 845 Sept.
1283 762 1345 826 516
1369 762 1453 844 πρὸς
1474 766 1538 826 τῶν
1560 762 1936 850 κρατοόντωνδ’ἔσμεν,

239 876 275 938 οἱ
295 872 325 939 δ’
347 874 557 962 ἡσσωμένων.

370 1016 453 1079 Adn.
485 1019 537 1082 Ab
572 1041 609 1080 ea
642 1018 786 1094 notione,
820 1039 883 1102 qua
919 1015 1004 1097 πρός
1037 1040 1108 1079 eum
1144 1018 1244 1081 verbo
1266 1011 1351 1085 εἶναι
1374 1024 1581 1107 conjunctum
1607 1025 1717 1101 utitur,
1742 1025 1939 1088 deducenda

238 1160 308 1202 ease
332 1138 461 1201 videtur
482 1138 686 1224 significatio,
710 1159 805 1222 quam
829 1136 1015 1222 praepositio
1038 1137 1137 1202 habet
1158 1162 1201 1202 ex
1224 1143 1360 1206 articulo
1383 1166 1546 1228 suspensa.
1593 1144 1693 1227 Cujus
1716 1166 1792 1207 usus
1808 1146 1936 1230 duplex

238 1271 288 1322 est
310 1259 400 1321 ratio.

363 1399 401 1482 α)
424 1403 474 1461 Ao
498 1397 638 1484 primum
672 1398 803 1483 quidem
837 1397 1022 1483 praepositio
1051 1420 1094 1461 ex
1117 1400 1253 1464 articulo
1276 1424 1432 1488 suspensa
1455 1400 1495 1464 sd
1518 1401 1754 1473 substantivum
1779 1403 1934 1465 refertur.

235 1518 338 1602 Cujus
374 1541 450 1582 usus
484 1518 548 1581 duo
583 1534 710 1581 exstant
742 1519 893 1605 exempla
926 1518 1011 1582 inter
1033 1541 1067 1582 se
1091 1519 1188 1605 paulo
1212 1521 1439 1608 discrepantia,
1463 1545 1480 1585 e
1504 1523 1620 1608 quibua
1644 1547 1743 1587 unum
1767 1524 1937 1587 invenitur

239 1643 300 1724 Ag.
335 1640 398 1704 728
431 1629 518 1727 ἦθος
538 1637 576 1701 τὸ
610 1637 694 1723 πρὸς
726 1642 893 1723 τόκέωνῐ),
917 1638 972 1702 ubi
996 1640 1080 1725 πρὸς
1102 1639 1143 1703 de
1166 1641 1310 1705 indoles
1333 1658 1423 1727 patre
1447 1642 1620 1706 heriditate
1644 1659 1777 1729 accepta
1800 1644 1935 1709 dieitur.

240 1758 389 1821 Alterum
422 1781 500 1822 vero
533 1757 720 1842 exemplum
755 1760 919 1825 invenitur
955 1760 1069 1847 Suppl.
1104 1760 1167 1823 396
1195 1762 1286 1846 κρῖνε
1306 1767 1404 1848 σέβας
1425 1763 1464 1826 τὸ
1488 1764 1572 1850 πρός
1593 1767 1694 1842 θεῶν,
1717 1763 1804 1850 quod
1830 1764 1936 1849 Peley

238 1880 337 1943 vertit
371 1882 497 1964 »prefer
529 1880 598 1945 mat
629 1878 730 1944 which
762 1882 793 1943 is
827 1880 987 1963 riphteous
1015 1885 1049 1946 in
1070 1882 1121 1946 the
1141 1883 1227 1966 sipia
1248 1887 1287 1969 os
1303 1885 1353 1950 tlte
1371 1886 1481 1967 pods»,
1505 1910 1603 1972 quum
1625 1891 1723 1970 σέβας
1747 1886 1876 1971 psssivs
1903 1886 1936 1950 vi

238 2001 285 2064 uti
320 2001 497 2086 putandum
529 2015 578 2063 est
600 1999 656 2080 its,
679 2011 716 2061 ut
737 2002 835 2081 σέβας
856 1999 956 2064 latine
979 2002 1230 2088 interpretemur
1252 2007 1336 2087 quoti
1355 2007 1568 2071 veremendum
1591 2014 1646 2072 est.
1694 2008 1798 2070 iiruse
1822 2022 1935 2071 autem

236 2125 334 2204 σέβας
357 2120 525 2183 transitiva
547 2119 579 2181 vi
603 2119 650 2181 uti
673 2120 863 2184 existimans
886 2121 1117 2207 interpretatur
1140 2125 1238 2207 »elipe
1260 2129 1467 2191 reverentiam
1489 2147 1566 2208 crya
1593 2124 1710 2192 Deos».
1751 2128 1833 2191 Utru
1854 2151 1935 2192 vero

237 2242 460 2328 interpretatio
485 2241 600 2304 melior
623 2240 675 2324 sit,
699 2239 849 2326 equidem
873 2263 937 2303 non
960 2241 1064 2304 audeo
1087 2242 1275 2325 dijudicare.

366 2381 403 2464 β)
428 2380 553 2444 Deinde
578 2378 762 2466 praepositio
785 2400 827 2441 ex
850 2380 986 2443 articulo
1009 2402 1165 2466 suspensa
1186 2381 1255 2444 sine
1279 2380 1481 2445 substantivo
1504 2384 1700 2460 diciturne,
1724 2403 1760 2449 ut
1781 2386 1819 2450 τό
1842 2387 1932 2470 πρός

237 2524 324 2573 τινος
357 2501 608 2586 interpretemur
640 2515 694 2564 sut
727 2500 811 2583 qnod
837 2500 978 2581 ateecjus
1011 2503 1108 2566 rebus
1132 2502 1228 2585 sanet
1261 2518 1316 2563 sut
1343 2504 1427 2585 quod
1448 2503 1493 2567 ad
1512 2504 1583 2584 ejus
1607 2528 1658 2570 res
1681 2512 1810 2588 spectet,
1833 2508 1927 2587 eujus

237 2645 313 2686 usus
348 2646 446 2686 unum
481 2636 589 2685 exstat
622 2621 808 2706 exemplum
844 2621 957 2706 Suppl.
993 2624 1050 2685 531
1077 2621 1115 2685 τό
1140 2621 1225 2707 πρὸς
1247 2626 1408 2703 γυναικῶν
1436 2623 1570 2703 ἐπιδών,
1594 2629 1679 2712 quod
1706 2627 1789 2690 weit
1812 2626 1923 2688 Paleio

238 2745 433 2807 assentiente
464 2743 694 2828 iuterpretatur
716 2744 894 2824 »aspicem
907 2743 1109 2826 seminamur
1125 2746 1197 2826 jus,
1220 2744 1252 2806 id
1275 2744 1360 2830 quod
1386 2768 1403 2807 a
1427 2745 1618 2810 seminarum
1633 2763 1722 2831 parte
1741 2762 1827 2817 stat»,
1849 2769 1919 2830 quae

237 2863 460 2948 interpretatio
484 2886 502 2925 a
526 2879 633 2926 nostra
658 2887 721 2926 non
745 2864 880 2926 multum
905 2862 1016 2925 nbesse
1040 2863 1179 2926 ridetur.

1021 3212 1151 3280 ΕΠΙ.

366 3415 416 3480 De
426 3417 551 3498 sortita.
598 3416 635 3479 In
669 3412 861 3499 anastrophe
895 3426 1034 3474 retracto
1067 3426 1200 3473 accentu
1237 3411 1269 3473 in
1294 3410 1358 3473 fine
1381 3411 1519 3474 trimetri
1542 3411 1591 3474 bis
1615 3411 1734 3494 legitur
1757 3414 1814 3476 ἔπι
1841 3413 1934 3476 Pers.

235 3538 299 3600 449
335 3539 471 3609 παντίας
503 3533 602 3624 α’κτῆς
634 3538 704 3601 ἔπι.
749 3534 863 3621 Suppl.
898 3535 982 3597 1003
1018 3533 1183 3613 χλιδαῖσιν
1204 3528 1390 3615 εὐμόρφοις
1410 3531 1478 3595 ἔπι.
1525 3530 1632 3594 Semel
1656 3548 1763 3594 nutem
1787 3534 1845 3596 έπι
1871 3557 1934 3618 pro

235 3659 351 3723 ἔπεστι
373 3660 492 3743 legitur
515 3660 608 3723 Eum.
637 3661 700 3722 393
720 3658 778 3720 ἔπι
800 3658 837 3720 δέ
857 3679 915 3735 μοι
940 3659 1033 3740 γέρας
1055 3655 1208 3720 παλαιόν.
1234 3694 1270 3703 —
1298 3656 1334 3718 ln
1360 3657 1453 3720 tmesi
1469 3656 1529 3719 ἐπί
1544 3655 1646 3718 tribus
1663 3656 1741 3717 loeis
1763 3656 1935 3719 invenitur

238 3782 323 3844 Pers.
352 3782 414 3846 669
449 3784 571 3862 Στυγία
594 3781 655 3864 γάρ
676 3803 725 3853 τις
746 3776 801 3842 ἐπ’
823 3775 923 3859 extre
945 3777 1133 3841 πεπόταται
1155 3777 1300 3862 (lhoeph.
1324 3778 1387 3841 395
1410 3776 1464 3840 καὶ
1480 3773 1556 3840 πότ’
1571 3770 1611 3839 tiu
1626 3772 1823 3861 ἀμφιθαλὴς
1845 3775 1936 3839 eric

236 3899 294 3964 tat
316 3908 411 3986 χεῖρα
432 3900 539 3984 petat,
563 3901 657 3965 Eum.
680 3902 743 3965 378
765 3908 857 3964 ταῑαν
879 3898 936 3964 ἐπὶ
959 3905 1082 3983 κνέφας
1103 3896 1197 3981 ἀνδρὶ
1218 3899 1323 3979 μόσος
1344 3901 1542 3965 πεπόταται.

369 4042 417 4105 De
439 4044 679 4126 sipnificotione.

366 4165 389 4228 l.
415 4160 498 4227 Ἐπί
518 4187 592 4227 oum
615 4164 800 4228 accusativo
823 4163 1032 4247 conjunctum

365 4289 413 4373 A)
435 4287 529 4351 locali
552 4288 683 4350 notione
706 4309 724 4349 e
748 4285 855 4349 verbis
867 4292 984 4350 motum
996 4283 1250 4367 significantibus
1263 4306 1453 4369 suspensum
1468 4284 1587 4369 triplici
1601 4283 1725 4345 ratione
1742 4297 1929 4367 usurpatur.

364 4420 395 4485 a)
419 4410 492 4473 Una
525 4422 575 4471 eat
607 4409 707 4490 notio,
730 4431 800 4493 quae
824 4406 954 4481 indicat,
972 4430 1068 4492 quem
1091 4407 1197 4469 locum
1222 4429 1332 4469 versus
1355 4406 1477 4491 aliquid
1500 4422 1727 4491 promoventur
1752 4419 1807 4467 nut
1829 4426 1929 4489 quem

236 4530 275 4593 ad
299 4530 405 4594 locum
430 4545 612 4617 promotum
636 4532 688 4614 sit,
710 4554 808 4615 quum
832 4528 894 4592 έπί
913 4529 1096 4612 germanice
1119 4529 1369 4614 interpretamur
1390 4529 1483 4610 nach,
1504 4549 1554 4592 eu.
1601 4526 1722 4589 Eodem
1748 4527 1815 4589 sere
1833 4544 1930 4592 utens

235 4651 367 4714 notione
391 4650 576 4738 praepositio
602 4652 699 4714 etiam
724 4675 796 4714 eum
819 4653 972 4736 genetivo
995 4652 1212 4736 conjungitur.
1258 4651 1344 4730 Quid
1367 4652 1451 4714 inter
1468 4663 1636 4734 utramque
1652 4651 1927 4714 constructionem

236 4772 372 4849 intersit,
406 4774 489 4836 bene
518 4773 615 4836 doeet
638 4773 781 4850 Kithner,
804 4796 903 4858 quum
927 4773 1022 4837 dicit:
1048 4773 1113 4835 Der
1136 4772 1351 4836 Untersohied
1375 4771 1533 4835 zwischen
1557 4770 1654 4834 πλεῖν
1676 4770 1734 4835 ἐπὶ
1756 4773 1872 4852 Σάμου
1896 4799 1929 4839 u.

408 4932 568 4939 -.----
579 4932 584 4937 .
593 4931 629 4937 --

369 5018 395 5084 1)
413 5018 498 5075 Qnarn
517 5017 741 5065 emendationem
760 5016 917 5078 Conington
936 5017 1012 5071 tecit.
1032 5031 1049 5064 a
1068 5015 1166 5064 Weilio
1185 5017 1264 5073 (Eum
1292 5014 1418 5065 Addend.
1438 5031 1464 5078 p.
1486 5017 1548 5077 tes)
1565 5018 1716 5069 laudatam.
